<?xml version="1.0" encoding="UTF-8"?><record xmlns="http://www.loc.gov/MARC21/slim" xmlns:cinclude="http://apache.org/cocoon/include/1.0" xmlns:zs="http://www.loc.gov/zing/srw/">
  <leader>00402nz  a2200121n  4500</leader>
  <controlfield tag="001">n  96075308 </controlfield>
  <controlfield tag="003">DLC</controlfield>
  <controlfield tag="005">19960802154617.2</controlfield>
  <controlfield tag="008">960802n| acannaab|          |n ana |||  </controlfield>
  <datafield tag="010" ind1=" " ind2=" ">
    <subfield code="a">n  96075308 </subfield>
  </datafield>
  <datafield tag="040" ind1=" " ind2=" ">
    <subfield code="a">DLC</subfield>
    <subfield code="c">DLC</subfield>
  </datafield>
  <datafield tag="110" ind1="2" ind2="0">
    <subfield code="a">Kulturinitiative Prozess und Dialog Brandenburg-Berlin</subfield>
  </datafield>
  <datafield tag="670" ind1=" " ind2=" ">
    <subfield code="a">Zehn aus Europa fuĚr Potsdam, 1995:</subfield>
    <subfield code="b">cover, p. 2 (Kulturinitiative Prozess und Dialog Brandenburg-Berlin e.V.)</subfield>
  </datafield>
</record>